% https://moronlab.blogspot.com/2010/01/urbit-functional-programming-from.html
@misc{Yarvin2010,
    author = "C. Guy Yarvin~\texttt{\textasciitilde sorreg-namtyv}",
    title = "{Urbit}:  Functional Programming from Scratch",
    howpublished = "Blog post",
    year = "2010",
    note = "Moron Lab",
    url = "https://moronlab.blogspot.com/2010/01/urbit-functional-programming-from.html",
    urldate = "2024-01-11"
}

% https://github.com/urbit/UIPs/blob/jb/network/UIPS/UIP-0116.md
@misc{Monk2023a,
    author = "Philip C. Monk~\texttt{\textasciitilde wicdev-wisryt} and Ted Blackman~\texttt{\textasciitilde rovnys-ricfer}",
    title = "{UIP-0116}:  {Arvo} Ticks",
    howpublished = "Urbit Improvement Proposal",
    year = "2023",
    url = "https://github.com/urbit/UIPs/blob/jb/network/UIPS/UIP-0116.md",
    urldate = "2024-01-11"
}

% https://github.com/urbit/UIPs/blob/main/UIPS/UIP-0115.md
@misc{Monk2023,
    author = "Philip C. Monk~\texttt{\textasciitilde wicdev-wisryt} and Ted Blackman~\texttt{\textasciitilde rovnys-ricfer}",
    title = "{UIP-0115}:  Breadth-First Move Processing in the {Arvo} Kernel",
    howpublished = "Urbit Improvement Proposal",
    year = "2023",
    url = "https://github.com/urbit/UIPs/blob/jb/network/UIPS/UIP-0115.md",
    urldate = "2024-01-11"
}

% https://github.com/urbit/urbit/pull/6775
@misc{Wilson2024,
    author = "Scott Wilson~\texttt{\textasciitilde midden-fabler}",
    title = "{Arvo}:  Breadth-First Move Order \#6775",
    howpublished = "Pull request",
    year = "2024",
    url = "https://github.com/urbit/urbit/pull/6775",
    urldate = "2024-01-11"
}

% https://github.com/urbit/urbit/pull/6842
@misc{Levan2023,
    author = "Matthew Levan~\texttt{\textasciitilde mastyr-bottec}",
    title = "{Seer}: A Monadic Scry Interface",
    howpublished = "Pull request",
    year = "2023",
    url = "https://github.com/urbit/urbit/pull/6842",
    urldate = "2024-01-11"
}

% https://gist.github.com/matthew-levan/8772f204749748e7d72cc5d298eeeb03
@misc{Levan2023a,
    author = "Matthew Levan~\texttt{\textasciitilde mastyr-bottec}",
    title = "{Seer}: A Monadic Scry Interface Examples",
    howpublished = "Gist",
    year = "2023",
    url = "https://gist.github.com/matthew-levan/8772f204749748e7d72cc5d298eeeb03",
    urldate = "2024-01-11"
}

% https://github.com/urbit/urbit/blob/uip/seer/pkg/arvo/lib/seer.hoon
@misc{Levan2023b,
    author = "Matthew Levan~\texttt{\textasciitilde mastyr-bottec}",
    title = {{\texttt{/lib/seer}}},
    howpublished = "GitHub repository",
    year = "2023",
    url = "https://github.com/urbit/urbit/blob/uip/seer/pkg/arvo/lib/seer.hoon",
    urldate = "2024-01-11"
}
